@article{prado2008controle,
  title={Controle Robusto Utilizando Estrutura PD e An{\'a}lise Intervalar Modal},
  author={Prado, Márcia Lissandra Machado and Paz, Marcos Araújo},
  journal={XIII Congresso Latinoamericano de Control Automatico, M{\'e}rida},
  volume={},
  number={},
  pages={204--209},
  year={2008}
}

@article{lordelo,
  title={An{\'a}lise Intervalar e Projeto de Controladores Robustos via Programa{\c{c}}{\~a}o Alvo},
  author={Lordelo, Alfredo DS and Ferreira, Paulo AV},
  journal={Sba: Controle \& Automa{\c{c}}{\~a}o Sociedade Brasileira de Automatica},
  volume={16},
  number={2},
  pages={111--123},
  year={2005},
  publisher={SciELO Brasil}
}

@book{group,
  title={Extensiones de las funciones continuas},
  author={S. Group},
  publisher={Dept. de Informatica y Matematica Aplicada, Universidad de Girona},
  address = {Spain},
  year={1998}
}

@article{alefeld,
  title={Interval analysis: theory and applications},
  author={Alefeld, G{\"o}tz and Mayer, G{\"u}nter},
  journal={Journal of computational and applied mathematics},
  volume={121},
  number={1-2},
  pages={421--464},
  year={2000},
  publisher={Elsevier}
}

@book{quanser,
  title={Active Suspension Laboratory Guide},
  author={Quanser},
  publisher={Quanser},
  address = {EUA},  
  edition = {},
  year={2013}
}

@book{ogata,
  title={Engenharia de Controle Moderno},
  author={Katsuhiko Ogata},
  publisher={Prentice Hall},
  address = {São Paulo},  
  edition = {5},
  year={2010}
}

@book{nise,
  title={Engenharia de Sistemas de Controle},
  author={Norman S. Nise},
  publisher={LTC},
  address = {Rio de Janeiro},  
  edition = {5},
  year={2009}
}

@book{aguirre,
  title={Enciclop{\'e}dia de autom{\'a}tica: controle e automa{\c{c}}{\~a}o},
  author={Aguirre, Luis Antonio and Bruciapaglia, Augusto Humberto and Miyagi, Paulo Eigi and Piqueira, Jos{\'e} Roberto Castilho},
  year={2007},
  publisher={Blucher}
}

@book{franklin,
  title={Feedback Control of Dynamic Systems},
  author={Franklin, Gene F. and J. D. Powell and A. Emani-Naeini},
  publisher={Pearson},
  address = {New Jersey},  
  edition = {6},
  year={2009}
}

@book{dorf,
  title={Sistemas de Controle Modernos},
  author={Richard C. Dorf and Robert H. Bishop},
  publisher={LTC},
  address = {Rio de Janeiro},  
  edition = {11},
  year={2009}
}

@book{modal,
  title={Modal Interval Analysis: New Tools for Numerical Information},
  author={Miguel A.. Sainz and Armengol, Joaquim and i Puig, Remei Calm},
  address={Suíça},
  year={2014},
  publisher={Springer}
}

@article{prado,
  title={Controle Robusto por Aloca{\c{c}}{\~a}o de Polos Via Análise Intervalar Modal},
  author={Marcia Lissandra Machado Prado},
  year={2006},
  journal={Tese de Doutorado, Universidade Estadual de Campinas}
}

@article{almeida,
  title={Projeto de um Controlador Robusto e Ótimo para um Sistema de Suspensão Ativa},
  author={Karine Souza de Almeida and Márcia Lissandra Machado Prado},
  journal={Anais do Semic 2013},
  volume={1},
  address = {Seminário de Iniciação Científica - UEFS, 2013, Feira de Santana},
  year={2013}
}

@article{maitelli,
  title={Controle Robusto por Alocação de Pólos Aplicado a um Sistema de Dois Tanques},
  author={Márcia Lissandra Machado Prado and André Laurindo Maitelli},
  journal={XIX Congresso Brasileiro de Automática, 2012, Campina Grande},
  volume={1},
  number={},
  pages={5479--5486},
  year={2012}
}

@article{corte-real,
  title={Dessensibiliza{\c{c}}{\~a}o da Estrutura de Controle LQG Aplicada ao Modelo de uma Suspens{\~a}o Ativa Utilizando a Técnica PRABI},
  author={Côrte-Real, Edilmar Wanderley},
  journal={Tese de Doutorado, Instituto Militar de Engenharia},
  year={2002}
}